% This file was created with JabRef 2.10.
% Encoding: Cp1252


@Article{BaltagiEtAl2000,
  Title                    = {To pool or not to pool: Homogeneous versus heterogeneous estimators applied to cigarette demand},
  Author                   = {Badi H. Baltagi and James M. Griffin and Weiwen Xiong},
  Journal                  = {The Review of Economics and Statistics},
  Year                     = {2000},
  Pages                    = {117-126},
  Volume                   = {82},

  Owner                    = {Minsu Chang},
  Timestamp                = {2017.02.02}
}

@Unpublished{ChenEtAl2009,
  Title                    = {An alternative way of computing efficient instrumental variables estimators},
  Author                   = {Xiaohong Chen and David T. Jacho-Ch\{'}avez and Oliver Linton},
  Note                     = {lSE STICERD Research Paper EM/2009/536},
  Year                     = {2009},

  Owner                    = {Minsu Chang},
  Timestamp                = {2017.02.02}
}

@Article{ChengLiao2015,
  Title                    = {Select the valid and relevant moments: An information-based LASSO for GMM with many moments},
  Author                   = {Xu Cheng and Zhipeng Liao},
  Journal                  = {Journal of Econometrics},
  Year                     = {2015},
  Pages                    = {443-464},
  Volume                   = {186},

  Owner                    = {Minsu Chang},
  Timestamp                = {2017.02.02}
}

@Article{DonaldEtAl2009,
  Title                    = {Choosing instrumental variables in conditional moment restriction models},
  Author                   = {Stephen G. Donald and Guido W. Imbens and Whitney K. Newey},
  Journal                  = {Journal of Econometrics},
  Year                     = {2009},
  Pages                    = {28-36},
  Volume                   = {152},

  Owner                    = {Minsu Chang},
  Timestamp                = {2017.02.02}
}

@Article{DonaldNewey2001,
  Title                    = {Choosing the Number of Instruments},
  Author                   = {Stephen G. Donald and Whitney K. Newey},
  Journal                  = {Econometrica},
  Year                     = {2001},
  Pages                    = {1161-1191},
  Volume                   = {69},

  Owner                    = {Minsu Chang},
  Timestamp                = {2017.02.02}
}

@Article{KuersteinerOkui2010,
  Title                    = {Constructing optimal instruments by first-stage prediction averaging},
  Author                   = {Guido Kuersteiner and Ryo Okui},
  Journal                  = {Econometrica},
  Year                     = {2010},
  Pages                    = {697-718},
  Volume                   = {78},

  Owner                    = {Minsu Chang},
  Timestamp                = {2017.02.02}
}

@Article{PesaranEtAl1999,
  Title                    = {Pooled Mean Group Estimation of Dynamic Heterogeneous Panels},
  Author                   = {M. Hashem Pesaran and Yongcheol Shin and Ron P. Smith},
  Journal                  = {Journal of the American Statistical Association},
  Year                     = {1999},
  Pages                    = {621-634},
  Volume                   = {94},

  Owner                    = {Minsu Chang},
  Timestamp                = {2017.02.02}
}

@Article{PesaranSmith1995,
  Title                    = {Estimating long-run relationships from dynamic heterogeneous panels},
  Author                   = {M. Hashem Pesaran and Ron P. Smith},
  Journal                  = {Journal of Econometrics},
  Year                     = {1995},
  Pages                    = {79-113},
  Volume                   = {68},

  Owner                    = {Minsu Chang},
  Timestamp                = {2017.02.02}
}

@Article{PesaranYamagata2008,
  Title                    = {Testing slope homogeneity in large panels},
  Author                   = {M. Hashem Pesaran and Takashi Yamagata},
  Journal                  = {Journal of Econometrics},
  Year                     = {2008},
  Pages                    = {50-93},
  Volume                   = {142},

  Owner                    = {Minsu Chang},
  Timestamp                = {2017.02.02}
}

@Article{Swamy1970,
  Title                    = {Efficient Inference in a Random Coefficient Regression Model},
  Author                   = {P. A. V. B. Swamy},
  Journal                  = {Econometrica},
  Year                     = {1970},
  Pages                    = {311-323},
  Volume                   = {38},

  Owner                    = {Minsu Chang},
  Timestamp                = {2017.02.02}
}

@Article{Xiao2010,
  Title                    = {The weighted method of moments approach for moment condition models},
  Author                   = {Zhiguo Xiao},
  Journal                  = {Economics Letters},
  Year                     = {2010},
  Pages                    = {183-186},
  Volume                   = {107},

  Owner                    = {Minsu Chang},
  Timestamp                = {2017.02.02}
}

